%%%%%%%%%%%%%%%%%%%%%%%%%%%%%%%%%%%%%%%%%%%%%%%%%%%%%%%%%%%%%%%%%%
% Reference sample
%%%%%%%%%%%%%%%%%%%%%%%%%%%%%%%%%%%%%%%%%%%%%%%%%%%%%%%%%%%%%%%%%%
@article{PaperSample1,
    title = {Paper {Title1}},
    journal = {Journal name},
    volume = {100},
    pages = {100},
    year = {2024},
%    doi = {},
%    url = {},
    author = {Author},
}
@article{PaperSample2,
    title = {Paper {Title2}},
    journal = {Journal name},
    volume = {101},
    pages = {100},
    year = {2024},
%    doi = {},
%    url = {},
    author = {Author},
}
@article{PaperSample3,
    title = {Paper {Title3}},
    journal = {Journal name},
    volume = {102},
    pages = {100},
    year = {2024},
%    doi = {},
%    url = {},
    author = {Author},
}
